<?xml version="1.0" encoding="UTF-8"?><collection xmlns="http://www.loc.gov/MARC21/slim"><record><leader>00453nam--2200145-i-4500</leader><controlfield tag="001">000030899</controlfield><controlfield tag="002">20161230</controlfield><controlfield tag="005">20161230201038</controlfield><controlfield tag="008">060222s1000------------r-----000-0-eng-d</controlfield><datafield ind1=" " ind2=" " tag="080"><subfield code="a">51:574</subfield></datafield><datafield ind1=" " ind2=" " tag="245"><subfield code="a">Mathematical problems in the biological sciences</subfield></datafield><datafield ind1=" " ind2=" " tag="260"><subfield code="a">Providence, Rhode Island, American Mathematical Society, 1962, Viii + 250p</subfield></datafield><datafield ind1=" " ind2=" " tag="490"><subfield code="a">Proc.Of Symposia In Applied Mathematics</subfield><subfield code="v">vol. 14</subfield></datafield><datafield ind1=" " ind2=" " tag="852"><subfield code="a">12839</subfield></datafield><datafield ind1=" " ind2=" " tag="CAT"><subfield code="a">Sys</subfield><subfield code="c">20080401</subfield><subfield code="h">105945</subfield></datafield></record></collection>